@article {ABB-1993,
    AUTHOR = {Alexander, S. and Berg, D. and Bishop, R.},
     TITLE = {Geometric Curvature Bounds in {R}iemannian Manifolds with Boundary},
   JOURNAL = {Trans. Amer. Math. Soc.},
  FJOURNAL = {Transactions of the American Mathematical Society},
    VOLUME = {339},
      YEAR = {1993},
    NUMBER = {2},
     PAGES = {703--716},
      ISSN = {0002-9947},
   MRCLASS = {53C21 (53C20)},
  MRNUMBER = {1113693},
MRREVIEWER = {I. G. Nikolaev},
       DOI = {10.2307/2154294},
       URL = {https://doi.org/10.2307/2154294},
}

@book {AKP_inv,
    AUTHOR = {Alexander, S. and Kapovitch, V. and Petrunin,
              A.},
     TITLE = {An Invitation to {A}lexandrov Geometry},
    SERIES = {SpringerBriefs in Mathematics},
      YEAR = {2019},
    % PAGES = {xii+88},
      ISBN = {978-3-030-05311-6; 978-3-030-05312-3},
   MRCLASS = {53C23 (51F99 53C20 53C45 53C70)},
  MRNUMBER = {3930625},
MRREVIEWER = {Loreno Heer},
       DOI = {10.1007/978-3-030-05312-3},
       URL = {https://doi.org/10.1007/978-3-030-05312-3},
}

@book{AKP,
      title={Alexandrov Geometry: Foundations}, 
      author={S. Alexander and V. Kapovitch and A. Petrunin},
      year={2022},
      eprint={1903.08539},
      archivePrefix={arXiv},
      primaryClass={math.DG}
}

@article {asymptotic,
    AUTHOR = {Ariza-Ruiz, D. and L\'{o}pez-Acedo, G. and Nicolae, A.},
     TITLE = {The Asymptotic Behavior of the Composition of Firmly
              Nonexpansive Mappings},
   JOURNAL = {J. Optim. Theory Appl.},
  FJOURNAL = {Journal of Optimization Theory and Applications},
    VOLUME = {167},
      YEAR = {2015},
    NUMBER = {2},
     PAGES = {409--429},
      ISSN = {0022-3239},
   MRCLASS = {47H09 (49M27 53C23)},
  MRNUMBER = {3412444},
MRREVIEWER = {Bo\.{z}ena Pi\polhk atek},
       DOI = {10.1007/s10957-015-0710-3},
       URL = {https://doi.org/10.1007/s10957-015-0710-3},
}


@misc{Bac,
      title={Old and New Challenges in Hadamard Spaces}, 
      author={M. Bačák},
      year={2018},
      eprint={1807.01355},
      archivePrefix={arXiv},
      primaryClass={math.FA}
}

@article {Bac2,
    AUTHOR = {Bačák, M. and Searston, I. and Sims, B.},
     TITLE = {Alternating Projections in {CAT}(0) Spaces},
   JOURNAL = {J. Math. Anal. Appl.},
  FJOURNAL = {Journal of Mathematical Analysis and Applications},
    VOLUME = {385},
      YEAR = {2012},
    NUMBER = {2},
     PAGES = {599--607},
      ISSN = {0022-247X},
   MRCLASS = {47A46 (52A07 54H25 65J15 90C48)},
  MRNUMBER = {2834837},
MRREVIEWER = {Patrick L. Combettes},
       DOI = {10.1016/j.jmaa.2011.06.079},
       URL = {https://doi.org/10.1016/j.jmaa.2011.06.079},
}

@book {bachak-book,
    AUTHOR = {Ba\v{c}\'{a}k, M.},
     TITLE = {Convex Analysis and Optimization in {H}adamard Spaces},
    SERIES = {De Gruyter Series in Nonlinear Analysis and Applications},
    VOLUME = {22},
 PUBLISHER = {De Gruyter, Berlin},
      YEAR = {2014},
    % PAGES = {viii+185},
      ISBN = {978-3-11-036103-2; 978-3-11-036162-9},
   MRCLASS = {49-02 (49K27 60B99 60J10 90C25 90C48 92D15)},
  MRNUMBER = {3241330},
MRREVIEWER = {Simeon Reich},
       DOI = {10.1515/9783110361629},
       URL = {https://doi.org/10.1515/9783110361629},
}

@book{ballmannbook,
    AUTHOR = {Ballmann, W.},
     TITLE = {Lectures on Spaces of Nonpositive Curvature},
    SERIES = {DMV Seminar},
    VOLUME = {25},
      NOTE = {With an appendix by Misha Brin},
% PUBLISHER = {Birkh\"auser Verlag, Basel},
      YEAR = {1995},
    % PAGES = {viii+112},
      ISBN = {3-7643-5242-6},
   MRCLASS = {53C21 (58F17)},
  MRNUMBER = {1377265},
MRREVIEWER = {Boris Hasselblatt},
       DOI = {10.1007/978-3-0348-9240-7},
       URL = {http://dx.doi.org/10.1007/978-3-0348-9240-7},
}

@online{ballmannnotes,
        title = {On the Geometry of Metric Spaces},
        organization = {MPIM},
        author = {Ballmann, W.},
        YEAR = {2004},
        url = {https://people.mpim-bonn.mpg.de/hwbllmnn/archiv/sin40827.pdf},
    }

@article {balser,
    AUTHOR = {Balser, A.},
     TITLE = {Convex Rank 1 Subsets of {E}uclidean Buildings (of Type
              {$A_2$})},
   JOURNAL = {Geom. Dedicata},
  FJOURNAL = {Geometriae Dedicata},
    VOLUME = {131},
      YEAR = {2008},
     PAGES = {123--158},
      ISSN = {0046-5755},
   MRCLASS = {22F50 (53C20)},
  MRNUMBER = {2369196},
MRREVIEWER = {Koichi Nagano},
       DOI = {10.1007/s10711-007-9221-1},
       URL = {https://doi.org/10.1007/s10711-007-9221-1},
}

@article {bauschke,
    AUTHOR = {Bauschke, H.},
     TITLE = {The Composition of Projections onto Closed Convex Sets in
              {H}ilbert Space is Asymptotically Regular},
   JOURNAL = {Proc. Amer. Math. Soc.},
  FJOURNAL = {Proceedings of the American Mathematical Society},
    VOLUME = {131},
      YEAR = {2003},
    NUMBER = {1},
     PAGES = {141--146},
      ISSN = {0002-9939},
   MRCLASS = {47H09 (46C05 47H05 90C25)},
  MRNUMBER = {1929033},
MRREVIEWER = {Simeon Reich},
       DOI = {10.1090/S0002-9939-02-06528-0},
       URL = {https://doi.org/10.1090/S0002-9939-02-06528-0},
}

@incollection {bauschke-borwein-lewis,
    AUTHOR = {Bauschke, H. and Borwein, J. and Lewis, A.},
     TITLE = {The Method of Cyclic Projections for Closed Convex Sets in
              {H}ilbert Space},
 BOOKTITLE = {Recent developments in optimization theory and nonlinear
              analysis ({J}erusalem, 1995)},
    SERIES = {Contemp. Math.},
    VOLUME = {204},
     PAGES = {1--38},
 PUBLISHER = {Amer. Math. Soc., Providence, RI},
      YEAR = {1997},
   MRCLASS = {49M45 (47H99 47N10 65F10 90C25)},
  MRNUMBER = {1442992},
MRREVIEWER = {Alfredo N. Iusem},
       DOI = {10.1090/conm/204/02620},
       URL = {https://doi.org/10.1090/conm/204/02620},
}

@incollection {bowditch,
    AUTHOR = {Bowditch, B. H.},
     TITLE = {Notes on Locally {CAT}(1) Spaces},
 BOOKTITLE = {Geometric group theory ({C}olumbus, {OH}, 1992)},
    SERIES = {Ohio State Univ. Math. Res. Inst. Publ.},
    VOLUME = {3},
     PAGES = {1--48},
 PUBLISHER = {de Gruyter, Berlin},
      YEAR = {1995},
   MRCLASS = {53C21 (53C20 57M99)},
  MRNUMBER = {1355101},
}

@article {bregman,
    AUTHOR = {Br\`egman, L. M.},
     TITLE = {Finding the Common Point of Convex Sets by the Method of
              Successive Projection},
   JOURNAL = {Dokl. Akad. Nauk SSSR},
  FJOURNAL = {Doklady Akademii Nauk SSSR},
    VOLUME = {162},
      YEAR = {1965},
     PAGES = {487--490},
      ISSN = {0002-3264},
   MRCLASS = {52.30},
  MRNUMBER = {0198341},
MRREVIEWER = {G. J. Minty},
}


@book {BH,
    AUTHOR = {Bridson, M. and Haefliger, A.},
     TITLE = {Metric Spaces of Non-Positive Curvature},
    SERIES = {Grundlehren der Mathematischen Wissenschaften},
    VOLUME = {319},
 %PUBLISHER = {Springer-Verlag, Berlin},
      YEAR = {1999},
    % PAGES = {xxii+643},
      ISBN = {3-540-64324-9},
   MRCLASS = {53C23 (20F65 53C70 57M07)},
  MRNUMBER = {1744486},
MRREVIEWER = {Athanase Papadopoulos},
       DOI = {10.1007/978-3-662-12494-9},
       URL = {http://dx.doi.org/10.1007/978-3-662-12494-9},
}

@book {BBI,
    AUTHOR = {Burago, D. and Burago, Y. and Ivanov, S.},
     TITLE = {A Course in Metric Geometry},
    SERIES = {Graduate Studies in Mathematics},
    VOLUME = {33},
 %PUBLISHER = {American Mathematical Society, Providence, RI},
      YEAR = {2001},
     %PAGES = {xiv+415},
      ISBN = {0-8218-2129-6},
   MRCLASS = {53C23},
  MRNUMBER = {1835418 (2002e:53053)},
MRREVIEWER = {Mario Bonk},
}

@incollection {deutsch,
    AUTHOR = {Deutsch, F.},
     TITLE = {The Method of Alternating Orthogonal Projections},
 BOOKTITLE = {Approximation theory, spline functions and applications
              ({M}aratea, 1991)},
    SERIES = {NATO Adv. Sci. Inst. Ser. C: Math. Phys. Sci.},
    VOLUME = {356},
     PAGES = {105--121},
 PUBLISHER = {Kluwer Acad. Publ., Dordrecht},
      YEAR = {1992},
   MRCLASS = {41A50 (41A65 46C99 47B99 65J05)},
  MRNUMBER = {1165964},
}

@incollection {deutsch-hundal,
    AUTHOR = {Deutsch, F. and Hundal, H.},
     TITLE = {Results on the Rate of Convergence of the Cyclic Projections
              Algorithm},
 BOOKTITLE = {Approximation theory {XII}: {S}an {A}ntonio 2007},
    SERIES = {Mod. Methods Math.},
     PAGES = {87--120},
 PUBLISHER = {Nashboro Press, Brentwood, TN},
      YEAR = {2008},
   MRCLASS = {41A65 (46B20 46N10 47H09)},
  MRNUMBER = {2537122},
MRREVIEWER = {David Yost},
}

@article {halperin,
    AUTHOR = {Halperin, I.},
     TITLE = {The Product of Projection Operators},
   JOURNAL = {Acta Sci. Math. (Szeged)},
  FJOURNAL = {Acta Universitatis Szegediensis. Acta Scientiarum
              Mathematicarum},
    VOLUME = {23},
      YEAR = {1962},
     PAGES = {96--99},
      ISSN = {0001-6969},
   MRCLASS = {47.10},
  MRNUMBER = {141978},
MRREVIEWER = {D. A. Edwards},
}

@article {hundal,
    AUTHOR = {Hundal, H. S.},
     TITLE = {An Alternating Projection that does not Converge in Norm},
   JOURNAL = {Nonlinear Anal.},
  FJOURNAL = {Nonlinear Analysis. Theory, Methods \& Applications. An
              International Multidisciplinary Journal},
    VOLUME = {57},
      YEAR = {2004},
    NUMBER = {1},
     PAGES = {35--61},
      ISSN = {0362-546X},
   MRCLASS = {47H09 (46B20 90C25)},
  MRNUMBER = {2055986},
MRREVIEWER = {Alexander J. Zaslavski},
       DOI = {10.1016/j.na.2003.11.004},
       URL = {https://doi.org/10.1016/j.na.2003.11.004},
}

@article {Kohlenbach,
    AUTHOR = {Kohlenbach, U.},
     TITLE = {A Polynomial Rate of Asymptotic Regularity for Compositions of
              Projections in {H}ilbert Space},
   JOURNAL = {Found. Comput. Math.},
  FJOURNAL = {Foundations of Computational Mathematics. The Journal of the
              Society for the Foundations of Computational Mathematics},
    VOLUME = {19},
      YEAR = {2019},
    NUMBER = {1},
     PAGES = {83--99},
      ISSN = {1615-3375},
   MRCLASS = {47H05 (03F10 47H09)},
  MRNUMBER = {3913873},
MRREVIEWER = {Mihai Turinici},
       DOI = {10.1007/s10208-018-9377-0},
       URL = {https://doi.org/10.1007/s10208-018-9377-0},
}

@article {KLN,
    AUTHOR = {Kohlenbach, U. and L\'{o}pez-Acedo, G. and Nicolae,
              A.},
     TITLE = {Quantitative Asymptotic Regularity Results for the Composition of Two Mappings},
   JOURNAL = {Optimization},
  FJOURNAL = {Optimization. A Journal of Mathematical Programming and
              Operations Research},
    VOLUME = {66},
      YEAR = {2017},
    NUMBER = {8},
     PAGES = {1291--1299},
      ISSN = {0233-1934},
   MRCLASS = {47H09 (53C23)},
  MRNUMBER = {3665825},
       DOI = {10.1080/02331934.2016.1200577},
       URL = {https://doi.org/10.1080/02331934.2016.1200577},
}

@misc{lytchak-petrunin,
      title={Weak Topology on {CAT}(0) Spaces}, 
      author={A. Lytchak and A. Petrunin},
      year={2021},
      eprint={2107.09295},
      archivePrefix={arXiv},
      primaryClass={math.MG}
}

@article {LWcurv,
    AUTHOR = {Lytchak, A. and Wenger, S.},
     TITLE = {Isoperimetric Characterization of Upper Curvature Bounds},
   JOURNAL = {Acta Math.},
  FJOURNAL = {Acta Mathematica},
    VOLUME = {221},
      YEAR = {2018},
    NUMBER = {1},
     PAGES = {159--202},
      ISSN = {0001-5962},
   MRCLASS = {49Q05 (53C23)},
  MRNUMBER = {3877021},
MRREVIEWER = {Andrew Bucki},
       DOI = {10.4310/ACTA.2018.v221.n1.a5},
       URL = {https://doi.org/10.4310/ACTA.2018.v221.n1.a5},
}

@article {vonneumann,
    AUTHOR = {von Neumann, John},
     TITLE = {On Rings of Operators. {R}eduction Theory},
   JOURNAL = {Ann. of Math. (2)},
  FJOURNAL = {Annals of Mathematics. Second Series},
    VOLUME = {50},
      YEAR = {1949},
     PAGES = {401--485},
      ISSN = {0003-486X},
   MRCLASS = {46.3X},
  MRNUMBER = {29101},
MRREVIEWER = {F. I. Mautner},
       DOI = {10.2307/1969463},
       URL = {https://doi.org/10.2307/1969463},
}

