@article {ABB-1993,
    AUTHOR = {Alexander, S. and Berg, D. and Bishop, R.},
     TITLE = {Geometric curvature bounds in {R}iemannian manifolds with boundary},
   JOURNAL = {Trans. Amer. Math. Soc.},
  FJOURNAL = {Transactions of the American Mathematical Society},
    VOLUME = {339},
      YEAR = {1993},
    NUMBER = {2},
     PAGES = {703--716},
      ISSN = {0002-9947},
   MRCLASS = {53C21 (53C20)},
  MRNUMBER = {1113693},
MRREVIEWER = {I. G. Nikolaev},
       DOI = {10.2307/2154294},
       URL = {https://doi.org/10.2307/2154294},
}

@book {AKP_inv,
    AUTHOR = {Alexander, S. and Kapovitch, V. and Petrunin,
              A.},
     TITLE = {An invitation to {A}lexandrov geometry},
    SERIES = {SpringerBriefs in Mathematics},
      YEAR = {2019},
    % PAGES = {xii+88},
      ISBN = {978-3-030-05311-6; 978-3-030-05312-3},
   MRCLASS = {53C23 (51F99 53C20 53C45 53C70)},
  MRNUMBER = {3930625},
MRREVIEWER = {Loreno Heer},
       DOI = {10.1007/978-3-030-05312-3},
       URL = {https://doi.org/10.1007/978-3-030-05312-3},
}

@misc{AKP,
      title={Alexandrov geometry: preliminary version no. 1}, 
      author={S. Alexander and V. Kapovitch and A. Petrunin},
      year={2019},
      eprint={1903.08539},
      archivePrefix={arXiv},
      primaryClass={math.DG}
}

@article {asymptotic,
    AUTHOR = {Ariza-Ruiz, D. and L\'{o}pez-Acedo, G. and Nicolae, A.},
     TITLE = {The asymptotic behavior of the composition of firmly
              nonexpansive mappings},
   JOURNAL = {J. Optim. Theory Appl.},
  FJOURNAL = {Journal of Optimization Theory and Applications},
    VOLUME = {167},
      YEAR = {2015},
    NUMBER = {2},
     PAGES = {409--429},
      ISSN = {0022-3239},
   MRCLASS = {47H09 (49M27 53C23)},
  MRNUMBER = {3412444},
MRREVIEWER = {Bo\.{z}ena Pi\polhk atek},
       DOI = {10.1007/s10957-015-0710-3},
       URL = {https://doi.org/10.1007/s10957-015-0710-3},
}


@misc{Bac,
      title={Old and new challenges in Hadamard spaces}, 
      author={M. Bačák},
      year={2018},
      eprint={1807.01355},
      archivePrefix={arXiv},
      primaryClass={math.FA}
}

@article {Bac2,
    AUTHOR = {Bačák, M. and Searston, I. and Sims, B.},
     TITLE = {Alternating projections in {$\rm CAT(0)$} spaces},
   JOURNAL = {J. Math. Anal. Appl.},
  FJOURNAL = {Journal of Mathematical Analysis and Applications},
    VOLUME = {385},
      YEAR = {2012},
    NUMBER = {2},
     PAGES = {599--607},
      ISSN = {0022-247X},
   MRCLASS = {47A46 (52A07 54H25 65J15 90C48)},
  MRNUMBER = {2834837},
MRREVIEWER = {Patrick L. Combettes},
       DOI = {10.1016/j.jmaa.2011.06.079},
       URL = {https://doi.org/10.1016/j.jmaa.2011.06.079},
}

@book{ballmannbook,
    AUTHOR = {Ballmann, W.},
     TITLE = {Lectures on spaces of nonpositive curvature},
    SERIES = {DMV Seminar},
    VOLUME = {25},
      NOTE = {With an appendix by Misha Brin},
% PUBLISHER = {Birkh\"auser Verlag, Basel},
      YEAR = {1995},
    % PAGES = {viii+112},
      ISBN = {3-7643-5242-6},
   MRCLASS = {53C21 (58F17)},
  MRNUMBER = {1377265},
MRREVIEWER = {Boris Hasselblatt},
       DOI = {10.1007/978-3-0348-9240-7},
       URL = {http://dx.doi.org/10.1007/978-3-0348-9240-7},
}

@article {Bauschke,
    AUTHOR = {Bauschke, H.},
     TITLE = {The composition of projections onto closed convex sets in
              {H}ilbert space is asymptotically regular},
   JOURNAL = {Proc. Amer. Math. Soc.},
  FJOURNAL = {Proceedings of the American Mathematical Society},
    VOLUME = {131},
      YEAR = {2003},
    NUMBER = {1},
     PAGES = {141--146},
      ISSN = {0002-9939},
   MRCLASS = {47H09 (46C05 47H05 90C25)},
  MRNUMBER = {1929033},
MRREVIEWER = {Simeon Reich},
       DOI = {10.1090/S0002-9939-02-06528-0},
       URL = {https://doi.org/10.1090/S0002-9939-02-06528-0},
}


@book {BH,
    AUTHOR = {Bridson, M. and Haefliger, A.},
     TITLE = {Metric spaces of non-positive curvature},
    SERIES = {Grundlehren der Mathematischen Wissenschaften},
    VOLUME = {319},
 %PUBLISHER = {Springer-Verlag, Berlin},
      YEAR = {1999},
    % PAGES = {xxii+643},
      ISBN = {3-540-64324-9},
   MRCLASS = {53C23 (20F65 53C70 57M07)},
  MRNUMBER = {1744486},
MRREVIEWER = {Athanase Papadopoulos},
       DOI = {10.1007/978-3-662-12494-9},
       URL = {http://dx.doi.org/10.1007/978-3-662-12494-9},
}

@book {BBI,
    AUTHOR = {Burago, D. and Burago, Y. and Ivanov, S.},
     TITLE = {A course in metric geometry},
    SERIES = {Graduate Studies in Mathematics},
    VOLUME = {33},
 %PUBLISHER = {American Mathematical Society, Providence, RI},
      YEAR = {2001},
     %PAGES = {xiv+415},
      ISBN = {0-8218-2129-6},
   MRCLASS = {53C23},
  MRNUMBER = {1835418 (2002e:53053)},
MRREVIEWER = {Mario Bonk},
}

@article {Kohlenbach,
    AUTHOR = {Kohlenbach, U.},
     TITLE = {A polynomial rate of asymptotic regularity for compositions of
              projections in {H}ilbert space},
   JOURNAL = {Found. Comput. Math.},
  FJOURNAL = {Foundations of Computational Mathematics. The Journal of the
              Society for the Foundations of Computational Mathematics},
    VOLUME = {19},
      YEAR = {2019},
    NUMBER = {1},
     PAGES = {83--99},
      ISSN = {1615-3375},
   MRCLASS = {47H05 (03F10 47H09)},
  MRNUMBER = {3913873},
MRREVIEWER = {Mihai Turinici},
       DOI = {10.1007/s10208-018-9377-0},
       URL = {https://doi.org/10.1007/s10208-018-9377-0},
}

@article {LWcurv,
    AUTHOR = {Lytchak, A. and Wenger, S.},
     TITLE = {Isoperimetric characterization of upper curvature bounds},
   JOURNAL = {Acta Math.},
  FJOURNAL = {Acta Mathematica},
    VOLUME = {221},
      YEAR = {2018},
    NUMBER = {1},
     PAGES = {159--202},
      ISSN = {0001-5962},
   MRCLASS = {49Q05 (53C23)},
  MRNUMBER = {3877021},
MRREVIEWER = {Andrew Bucki},
       DOI = {10.4310/ACTA.2018.v221.n1.a5},
       URL = {https://doi.org/10.4310/ACTA.2018.v221.n1.a5},
}

